<record><leader>00000cas a2200000 a 4500</leader><controlfield tag="001">8804161</controlfield><controlfield tag="008">820924d18141834kyuwr ne      0    0eng  </controlfield><datafield ind1=" " ind2=" " tag="010"><subfield code="a">sn 82014657 </subfield></datafield><datafield ind1=" " ind2=" " tag="040"><subfield code="a">DLC</subfield><subfield code="b">eng</subfield><subfield code="c">DLC</subfield><subfield code="d">NPV</subfield><subfield code="d">DLC</subfield><subfield code="d">NPV</subfield><subfield code="d">NPX</subfield><subfield code="d">NPA</subfield><subfield code="d">NPX</subfield><subfield code="d">DLC</subfield><subfield code="d">NJW</subfield><subfield code="d">KNP</subfield><subfield code="d">CNK</subfield><subfield code="d">CNW</subfield><subfield code="d">CVF</subfield><subfield code="d">OCL</subfield><subfield code="d">CVF</subfield><subfield code="d">OCLCG</subfield><subfield code="d">OCLCO</subfield><subfield code="d">OCLCQ</subfield><subfield code="d">OCLCF</subfield></datafield><datafield ind1="1" ind2=" " tag="029"><subfield code="a">AU@</subfield><subfield code="b">000025820575</subfield></datafield><datafield ind1=" " ind2=" " tag="042"><subfield code="a">pcc</subfield></datafield><datafield ind1=" " ind2=" " tag="043"><subfield code="a">n-us-ky</subfield></datafield><datafield ind1=" " ind2=" " tag="045"><subfield code="a">w1w3</subfield></datafield><datafield ind1="0" ind2="0" tag="050"><subfield code="a">Newspaper 7942</subfield></datafield><datafield ind1=" " ind2=" " tag="052"><subfield code="a">3953</subfield><subfield code="b">L8</subfield></datafield><datafield ind1="0" ind2=" " tag="130"><subfield code="a">Weekly messenger (Russellville, Ky. : 1814)</subfield></datafield><datafield ind1="1" ind2="4" tag="245"><subfield code="a">The weekly messenger.</subfield></datafield><datafield ind1="1" ind2=" " tag="246"><subfield code="i">Sometimes published as:</subfield><subfield code="a">Messenger</subfield></datafield><datafield ind1=" " ind2=" " tag="260"><subfield code="a">Russellville, Ky. :</subfield><subfield code="b">P. Ewing, Jr.</subfield></datafield><datafield ind1=" " ind2=" " tag="300"><subfield code="a">v. ;</subfield><subfield code="c">51 cm.</subfield></datafield><datafield ind1=" " ind2=" " tag="310"><subfield code="a">Weekly</subfield></datafield><datafield ind1="1" ind2=" " tag="362"><subfield code="a">Began in Jan. 1814; ceased in 1834.</subfield></datafield><datafield ind1=" " ind2=" " tag="500"><subfield code="a">Publishers: Crumbaugh &amp; Rhea, &lt;1814-1815&gt;; Crumbaugh &amp; Sleight, &lt;1815&gt;; Henry C. Sleight, &lt;1815&gt;-1817; George B. Crutcher, &lt;1817&gt;; Putnam Ewing, Jr., &lt;1819&gt;; Charles Rhea, 1819-1820; Rhea &amp; Crutcher, 1820; C. Rhea &amp; Co., 1820; Charles Rhea, &lt;1820&gt;; Charles Rhea and S.A. Atchison, &lt;1821&gt;; Charles Rhea, &lt;1822-1827&gt;; Rhea and Atchison, &lt;1827&gt;.</subfield></datafield><datafield ind1=" " ind2=" " tag="530"><subfield code="a">Also issued on microform from the Readex Microprint Corp.</subfield></datafield><datafield ind1=" " ind2=" " tag="588"><subfield code="a">Description based on: New ser., v. 6, no. 4 (Jan. 26, 1819).</subfield></datafield><datafield ind1=" " ind2="0" tag="651"><subfield code="a">Russellville (Ky.)</subfield><subfield code="v">Newspapers.</subfield></datafield><datafield ind1=" " ind2="0" tag="651"><subfield code="a">Logan County (Ky.)</subfield><subfield code="v">Newspapers.</subfield></datafield><datafield ind1=" " ind2="7" tag="655"><subfield code="a">Newspapers.</subfield><subfield code="2">fast</subfield><subfield code="0">(OCoLC)fst01423814</subfield></datafield><datafield ind1=" " ind2="7" tag="651"><subfield code="a">Kentucky</subfield><subfield code="z">Logan County.</subfield><subfield code="2">fast</subfield><subfield code="0">(OCoLC)fst01216586</subfield></datafield><datafield ind1=" " ind2="7" tag="651"><subfield code="a">Kentucky</subfield><subfield code="z">Russellville.</subfield><subfield code="2">fast</subfield><subfield code="0">(OCoLC)fst01218759</subfield></datafield><datafield ind1="1" ind2=" " tag="700"><subfield code="a">Sleight, Henry C.,</subfield><subfield code="d">1792-1877.</subfield></datafield><datafield ind1=" " ind2=" " tag="752"><subfield code="a">United States</subfield><subfield code="b">Kentucky</subfield><subfield code="c">Logan</subfield><subfield code="d">Russellville.</subfield></datafield></record>